<record><leader>00000cas a2200000 a 4500</leader><controlfield tag="001">12633547</controlfield><controlfield tag="008">851003d19061970mauwr ne      0    0eng c</controlfield><datafield ind1=" " ind2=" " tag="010"><subfield code="a">sn 94053035 </subfield></datafield><datafield ind1=" " ind2=" " tag="040"><subfield code="a">ULW</subfield><subfield code="b">eng</subfield><subfield code="c">ULW</subfield><subfield code="d">WPG</subfield><subfield code="d">RHN</subfield><subfield code="d">CNW</subfield><subfield code="d">NVF</subfield><subfield code="d">OCL</subfield><subfield code="d">OCLCQ</subfield><subfield code="d">OCLCF</subfield><subfield code="d">OCLCO</subfield></datafield><datafield ind1="1" ind2=" " tag="029"><subfield code="a">AU@</subfield><subfield code="b">000010929023</subfield></datafield><datafield ind1=" " ind2=" " tag="042"><subfield code="a">pcc</subfield></datafield><datafield ind1=" " ind2=" " tag="043"><subfield code="a">n-us-ma</subfield></datafield><datafield ind1="0" ind2=" " tag="130"><subfield code="a">Labor news (Worcester, Mass. : 1906)</subfield></datafield><datafield ind1="1" ind2="4" tag="245"><subfield code="a">The labor news.</subfield></datafield><datafield ind1=" " ind2=" " tag="260"><subfield code="a">Worcester, Mass. :</subfield><subfield code="b">News Pub. Co.,</subfield><subfield code="c">1906-1970.</subfield></datafield><datafield ind1=" " ind2=" " tag="300"><subfield code="a">v.</subfield></datafield><datafield ind1=" " ind2=" " tag="310"><subfield code="a">Weekly</subfield></datafield><datafield ind1="0" ind2=" " tag="362"><subfield code="a">Vol. 1, no. 1 (Mar. 10, 1906)-v. 64, no. 46 (Jan. 2, 1970).</subfield></datafield><datafield ind1=" " ind2=" " tag="500"><subfield code="a">Editor: Freeman M. Saltus, &lt;1940-1945&gt;.</subfield></datafield><datafield ind1=" " ind2=" " tag="580"><subfield code="a">Rhode Island ed.: Rhode Island labor news, 1940-1970.</subfield></datafield><datafield ind1=" " ind2="0" tag="650"><subfield code="a">Labor unions</subfield><subfield code="z">Massachusetts</subfield><subfield code="v">Newspapers.</subfield></datafield><datafield ind1=" " ind2="0" tag="651"><subfield code="a">Worcester (Mass.)</subfield><subfield code="v">Newspapers.</subfield></datafield><datafield ind1=" " ind2="7" tag="655"><subfield code="a">Newspapers.</subfield><subfield code="2">fast</subfield><subfield code="0">(OCoLC)fst01423814</subfield></datafield><datafield ind1=" " ind2="7" tag="650"><subfield code="a">Labor unions.</subfield><subfield code="2">fast</subfield><subfield code="0">(OCoLC)fst00990260</subfield></datafield><datafield ind1=" " ind2="7" tag="651"><subfield code="a">Massachusetts.</subfield><subfield code="2">fast</subfield><subfield code="0">(OCoLC)fst01204307</subfield></datafield><datafield ind1=" " ind2="7" tag="651"><subfield code="a">Massachusetts</subfield><subfield code="z">Worcester.</subfield><subfield code="2">fast</subfield><subfield code="0">(OCoLC)fst01207904</subfield></datafield><datafield ind1=" " ind2=" " tag="752"><subfield code="a">United States</subfield><subfield code="b">Massachusetts</subfield><subfield code="c">Worcester</subfield><subfield code="d">Worcester.</subfield></datafield><datafield ind1="1" ind2=" " tag="775"><subfield code="t">Rhode Island labor news</subfield><subfield code="w">(DLC)sn 92063963</subfield></datafield><datafield ind1="0" ind2="0" tag="785"><subfield code="t">Labor news and Worcester County recorder</subfield><subfield code="w">(OCoLC)12633543</subfield></datafield></record>